%% This BibTeX bibliography file was created using BibDesk.
%% http://bibdesk.sourceforge.net/

%% Created for CLARK BARWICK at 2017-08-31 22:35:40 +0100 


%% Saved with string encoding Unicode (UTF-8) 



@book{MR0453532,
	Author = {Halmos, Paul R.},
	Date-Added = {2017-08-31 16:58:20 +0000},
	Date-Modified = {2017-08-31 16:58:20 +0000},
	Mrclass = {04-01},
	Mrnumber = {0453532},
	Note = {Reprint of the 1960 edition, Undergraduate Texts in Mathematics},
	Pages = {vii+104},
	Publisher = {Springer-Verlag, New York-Heidelberg},
	Title = {Naive set theory},
	Year = {1974}}

@incollection{Feferman:1969wx,
	Author = {Feferman, Solomon},
	Booktitle = {Reports of the Midwest Category Seminar. III},
	Pages = {201--247},
	Publisher = {Springer, Berlin},
	Title = {{Set-theoretical foundations of category theory}},
	Year = {1969}}

@article{Shulman:2008th,
	Author = {Shulman, Michael A},
	Eprint = {0810.1279v2},
	Eprintclass = {math.CT},
	Eprinttype = {arxiv},
	Journal = {arXiv},
	Month = oct,
	Title = {{Set theory for category theory}},
	Year = {2008}}

@book{Jech:2003tt,
	Author = {Jech, Thomas},
	Publisher = {Springer-Verlag, Berlin},
	Series = {Springer Monographs in Mathematics},
	Title = {{Set theory}},
	Year = {2003}}

@book{Anonymous:1972tk,
	Publisher = {Springer-Verlag, Berlin-New York},
	Series = {Lecture Notes in Mathematics, Vol. 269},
	Title = {{Th\'eorie des topos et cohomologie \'etale des sch\'emas. Tome 1: Th\'eorie des topos}},
	Year = {1972}}

@article{Levy:1960wx,
	Author = {L\'evy, Azriel},
	Journal = {Pacific Journal of Mathematics},
	Number = {1},
	Pages = {223--238},
	Title = {{Axiom schemata of strong infinity in axiomatic set theory}},
	Volume = {10},
	Year = {1960}}
